@article { SkewHeap,
	title = {Self-Adjusting Heaps},
	volume = {15},
	DOI = {10.1137=0215004},
	number={1},
	journal={SIAM Journal on Computing},
	author={Sleator, Daniel Dominic and Tarjan, Robert Endre},
	year = {1986},
	pages = {52-69}
}

@article { PairingHeap,
	title = {The Pairing Heap: A New Form of Self-Adjusting Heap},
	volume = {1},
	number= {1-4},
	DOI = {10.1007=BF01840439},
	journal = {Algorithmica},
	url = {https://doi.org/10.1007/bf01840439},
	author = {Michael L. Fredman and Robert Sedgewick and Daniel D. Sleator and Robert E. Tarjan}
}